{
  "analysis": {
    "total_correlations": 279,
    "mean_reversion_trades": 87,
    "momentum_trades": 95,
    "neutral_trades": 97,
    "mean_reversion_pct": 31.182795698924732,
    "momentum_pct": 34.05017921146953,
    "imbalance_stats": {
      "min": -0.45454545454545453,
      "max": 0.35353535353535354,
      "median": -0.1111111111111111,
      "p10": -0.29292929292929293,
      "p90": 0.1111111111111111
    },
    "timing_stats": {
      "min_seconds": 619,
      "max_seconds": 867,
      "median_seconds": 751
    },
    "by_asset": {
      "BTC": {
        "count": 206,
        "mean_reversion": 75,
        "momentum": 73
      },
      "ETH": {
        "count": 73,
        "mean_reversion": 12,
        "momentum": 22
      }
    }
  },
  "correlations": [
    {
      "trade_ts": 1767642581,
      "trade_time": "2026-01-05T19:49:41+00:00",
      "slug": "btc-updown-15m-1767642300",
      "asset": "BTC",
      "outcome": "DOWN",
      "side": "BUY",
      "price": 0.61,
      "size": 67.83,
      "seconds_until_close": 619,
      "binance_btc": 94235.25,
      "binance_eth": 3220.49,
      "ob_ts": 1767642581962,
      "ob_latency_ms": 962,
      "best_bid": 0.01,
      "best_ask": 0.99,
      "spread": 0.98,
      "bid_depth": 38,
      "ask_depth": 60,
      "imbalance": -0.22448979591836735,
      "is_mean_reversion": false,
      "is_momentum": true
    },
    {
      "trade_ts": 1767642581,
      "trade_time": "2026-01-05T19:49:41+00:00",
      "slug": "eth-updown-15m-1767642300",
      "asset": "ETH",
      "outcome": "DOWN",
      "side": "BUY",
      "price": 0.46,
      "size": 100.15,
      "seconds_until_close": 619,
      "binance_btc": 94235.25,
      "binance_eth": 3220.49,
      "ob_ts": 1767642581955,
      "ob_latency_ms": 955,
      "best_bid": 0.01,
      "best_ask": 0.99,
      "spread": 0.98,
      "bid_depth": 47,
      "ask_depth": 52,
      "imbalance": -0.050505050505050504,
      "is_mean_reversion": false,
      "is_momentum": false
    },
    {
      "trade_ts": 1767642571,
      "trade_time": "2026-01-05T19:49:31+00:00",
      "slug": "btc-updown-15m-1767642300",
      "asset": "BTC",
      "outcome": "UP",
      "side": "BUY",
      "price": 0.42,
      "size": 188.05,
      "seconds_until_close": 629,
      "binance_btc": 94235.25,
      "binance_eth": 3220.49,
      "ob_ts": 1767642571060,
      "ob_latency_ms": 60,
      "best_bid": 0.01,
      "best_ask": 0.99,
      "spread": 0.98,
      "bid_depth": 58,
      "ask_depth": 40,
      "imbalance": 0.1836734693877551,
      "is_mean_reversion": false,
      "is_momentum": true
    },
    {
      "trade_ts": 1767642571,
      "trade_time": "2026-01-05T19:49:31+00:00",
      "slug": "btc-updown-15m-1767642300",
      "asset": "BTC",
      "outcome": "UP",
      "side": "BUY",
      "price": 0.41,
      "size": 39.0,
      "seconds_until_close": 629,
      "binance_btc": 94235.25,
      "binance_eth": 3220.49,
      "ob_ts": 1767642571060,
      "ob_latency_ms": 60,
      "best_bid": 0.01,
      "best_ask": 0.99,
      "spread": 0.98,
      "bid_depth": 58,
      "ask_depth": 40,
      "imbalance": 0.1836734693877551,
      "is_mean_reversion": false,
      "is_momentum": true
    },
    {
      "trade_ts": 1767642571,
      "trade_time": "2026-01-05T19:49:31+00:00",
      "slug": "btc-updown-15m-1767642300",
      "asset": "BTC",
      "outcome": "UP",
      "side": "BUY",
      "price": 0.4,
      "size": 15.27,
      "seconds_until_close": 629,
      "binance_btc": 94235.25,
      "binance_eth": 3220.49,
      "ob_ts": 1767642571060,
      "ob_latency_ms": 60,
      "best_bid": 0.01,
      "best_ask": 0.99,
      "spread": 0.98,
      "bid_depth": 58,
      "ask_depth": 40,
      "imbalance": 0.1836734693877551,
      "is_mean_reversion": false,
      "is_momentum": true
    },
    {
      "trade_ts": 1767642567,
      "trade_time": "2026-01-05T19:49:27+00:00",
      "slug": "eth-updown-15m-1767642300",
      "asset": "ETH",
      "outcome": "UP",
      "side": "BUY",
      "price": 0.48,
      "size": 36.11,
      "seconds_until_close": 633,
      "binance_btc": 94235.25,
      "binance_eth": 3220.49,
      "ob_ts": 1767642568048,
      "ob_latency_ms": 1048,
      "best_bid": 0.01,
      "best_ask": 0.99,
      "spread": 0.98,
      "bid_depth": 54,
      "ask_depth": 45,
      "imbalance": 0.09090909090909091,
      "is_mean_reversion": false,
      "is_momentum": false
    },
    {
      "trade_ts": 1767642565,
      "trade_time": "2026-01-05T19:49:25+00:00",
      "slug": "eth-updown-15m-1767642300",
      "asset": "ETH",
      "outcome": "UP",
      "side": "BUY",
      "price": 0.46,
      "size": 22.0,
      "seconds_until_close": 635,
      "binance_btc": 94235.25,
      "binance_eth": 3220.49,
      "ob_ts": 1767642568048,
      "ob_latency_ms": 3048,
      "best_bid": 0.01,
      "best_ask": 0.99,
      "spread": 0.98,
      "bid_depth": 54,
      "ask_depth": 45,
      "imbalance": 0.09090909090909091,
      "is_mean_reversion": false,
      "is_momentum": false
    },
    {
      "trade_ts": 1767642555,
      "trade_time": "2026-01-05T19:49:15+00:00",
      "slug": "eth-updown-15m-1767642300",
      "asset": "ETH",
      "outcome": "DOWN",
      "side": "BUY",
      "price": 0.51,
      "size": 11.31,
      "seconds_until_close": 645,
      "binance_btc": 94235.25,
      "binance_eth": 3220.49,
      "ob_ts": 1767642556976,
      "ob_latency_ms": 1976,
      "best_bid": 0.01,
      "best_ask": 0.99,
      "spread": 0.98,
      "bid_depth": 48,
      "ask_depth": 51,
      "imbalance": -0.030303030303030304,
      "is_mean_reversion": false,
      "is_momentum": false
    },
    {
      "trade_ts": 1767642551,
      "trade_time": "2026-01-05T19:49:11+00:00",
      "slug": "btc-updown-15m-1767642300",
      "asset": "BTC",
      "outcome": "DOWN",
      "side": "BUY",
      "price": 0.56,
      "size": 26.63,
      "seconds_until_close": 649,
      "binance_btc": 94235.25,
      "binance_eth": 3220.49,
      "ob_ts": 1767642554084,
      "ob_latency_ms": 3084,
      "best_bid": 0.01,
      "best_ask": 0.99,
      "spread": 0.98,
      "bid_depth": 40,
      "ask_depth": 58,
      "imbalance": -0.1836734693877551,
      "is_mean_reversion": false,
      "is_momentum": true
    },
    {
      "trade_ts": 1767642551,
      "trade_time": "2026-01-05T19:49:11+00:00",
      "slug": "btc-updown-15m-1767642300",
      "asset": "BTC",
      "outcome": "DOWN",
      "side": "BUY",
      "price": 0.57,
      "size": 28.24,
      "seconds_until_close": 649,
      "binance_btc": 94235.25,
      "binance_eth": 3220.49,
      "ob_ts": 1767642554084,
      "ob_latency_ms": 3084,
      "best_bid": 0.01,
      "best_ask": 0.99,
      "spread": 0.98,
      "bid_depth": 40,
      "ask_depth": 58,
      "imbalance": -0.1836734693877551,
      "is_mean_reversion": false,
      "is_momentum": true
    },
    {
      "trade_ts": 1767642551,
      "trade_time": "2026-01-05T19:49:11+00:00",
      "slug": "btc-updown-15m-1767642300",
      "asset": "BTC",
      "outcome": "DOWN",
      "side": "BUY",
      "price": 0.58,
      "size": 15.0,
      "seconds_until_close": 649,
      "binance_btc": 94235.25,
      "binance_eth": 3220.49,
      "ob_ts": 1767642554084,
      "ob_latency_ms": 3084,
      "best_bid": 0.01,
      "best_ask": 0.99,
      "spread": 0.98,
      "bid_depth": 40,
      "ask_depth": 58,
      "imbalance": -0.1836734693877551,
      "is_mean_reversion": false,
      "is_momentum": true
    },
    {
      "trade_ts": 1767642551,
      "trade_time": "2026-01-05T19:49:11+00:00",
      "slug": "btc-updown-15m-1767642300",
      "asset": "BTC",
      "outcome": "DOWN",
      "side": "BUY",
      "price": 0.55,
      "size": 40.86,
      "seconds_until_close": 649,
      "binance_btc": 94235.25,
      "binance_eth": 3220.49,
      "ob_ts": 1767642554084,
      "ob_latency_ms": 3084,
      "best_bid": 0.01,
      "best_ask": 0.99,
      "spread": 0.98,
      "bid_depth": 40,
      "ask_depth": 58,
      "imbalance": -0.1836734693877551,
      "is_mean_reversion": false,
      "is_momentum": true
    },
    {
      "trade_ts": 1767642551,
      "trade_time": "2026-01-05T19:49:11+00:00",
      "slug": "eth-updown-15m-1767642300",
      "asset": "ETH",
      "outcome": "DOWN",
      "side": "BUY",
      "price": 0.48,
      "size": 14.75,
      "seconds_until_close": 649,
      "binance_btc": 94235.25,
      "binance_eth": 3220.49,
      "ob_ts": 1767642551389,
      "ob_latency_ms": 389,
      "best_bid": 0.01,
      "best_ask": 0.99,
      "spread": 0.98,
      "bid_depth": 48,
      "ask_depth": 51,
      "imbalance": -0.030303030303030304,
      "is_mean_reversion": false,
      "is_momentum": false
    },
    {
      "trade_ts": 1767642547,
      "trade_time": "2026-01-05T19:49:07+00:00",
      "slug": "btc-updown-15m-1767642300",
      "asset": "BTC",
      "outcome": "UP",
      "side": "BUY",
      "price": 0.48,
      "size": 162.61,
      "seconds_until_close": 653,
      "binance_btc": 94235.25,
      "binance_eth": 3220.49,
      "ob_ts": 1767642547464,
      "ob_latency_ms": 464,
      "best_bid": 0.01,
      "best_ask": 0.99,
      "spread": 0.98,
      "bid_depth": 43,
      "ask_depth": 56,
      "imbalance": -0.13131313131313133,
      "is_mean_reversion": true,
      "is_momentum": false
    },
    {
      "trade_ts": 1767642547,
      "trade_time": "2026-01-05T19:49:07+00:00",
      "slug": "btc-updown-15m-1767642300",
      "asset": "BTC",
      "outcome": "UP",
      "side": "BUY",
      "price": 0.47,
      "size": 5.0,
      "seconds_until_close": 653,
      "binance_btc": 94235.25,
      "binance_eth": 3220.49,
      "ob_ts": 1767642547464,
      "ob_latency_ms": 464,
      "best_bid": 0.01,
      "best_ask": 0.99,
      "spread": 0.98,
      "bid_depth": 43,
      "ask_depth": 56,
      "imbalance": -0.13131313131313133,
      "is_mean_reversion": true,
      "is_momentum": false
    },
    {
      "trade_ts": 1767642547,
      "trade_time": "2026-01-05T19:49:07+00:00",
      "slug": "btc-updown-15m-1767642300",
      "asset": "BTC",
      "outcome": "UP",
      "side": "BUY",
      "price": 0.49,
      "size": 101.0,
      "seconds_until_close": 653,
      "binance_btc": 94235.25,
      "binance_eth": 3220.49,
      "ob_ts": 1767642547464,
      "ob_latency_ms": 464,
      "best_bid": 0.01,
      "best_ask": 0.99,
      "spread": 0.98,
      "bid_depth": 43,
      "ask_depth": 56,
      "imbalance": -0.13131313131313133,
      "is_mean_reversion": true,
      "is_momentum": false
    },
    {
      "trade_ts": 1767642547,
      "trade_time": "2026-01-05T19:49:07+00:00",
      "slug": "eth-updown-15m-1767642300",
      "asset": "ETH",
      "outcome": "UP",
      "side": "BUY",
      "price": 0.57,
      "size": 98.02,
      "seconds_until_close": 653,
      "binance_btc": 94235.25,
      "binance_eth": 3220.49,
      "ob_ts": 1767642551389,
      "ob_latency_ms": 4389,
      "best_bid": 0.01,
      "best_ask": 0.99,
      "spread": 0.98,
      "bid_depth": 48,
      "ask_depth": 51,
      "imbalance": -0.030303030303030304,
      "is_mean_reversion": false,
      "is_momentum": false
    },
    {
      "trade_ts": 1767642547,
      "trade_time": "2026-01-05T19:49:07+00:00",
      "slug": "btc-updown-15m-1767642300",
      "asset": "BTC",
      "outcome": "UP",
      "side": "BUY",
      "price": 0.49,
      "size": 202.0,
      "seconds_until_close": 653,
      "binance_btc": 94235.25,
      "binance_eth": 3220.49,
      "ob_ts": 1767642547464,
      "ob_latency_ms": 464,
      "best_bid": 0.01,
      "best_ask": 0.99,
      "spread": 0.98,
      "bid_depth": 43,
      "ask_depth": 56,
      "imbalance": -0.13131313131313133,
      "is_mean_reversion": true,
      "is_momentum": false
    },
    {
      "trade_ts": 1767642535,
      "trade_time": "2026-01-05T19:48:55+00:00",
      "slug": "eth-updown-15m-1767642300",
      "asset": "ETH",
      "outcome": "UP",
      "side": "BUY",
      "price": 0.52,
      "size": 16.0,
      "seconds_until_close": 665,
      "binance_btc": 94244.11,
      "binance_eth": 3220.4,
      "ob_ts": 1767642535045,
      "ob_latency_ms": 45,
      "best_bid": 0.01,
      "best_ask": 0.99,
      "spread": 0.98,
      "bid_depth": 52,
      "ask_depth": 47,
      "imbalance": 0.050505050505050504,
      "is_mean_reversion": false,
      "is_momentum": false
    },
    {
      "trade_ts": 1767642533,
      "trade_time": "2026-01-05T19:48:53+00:00",
      "slug": "btc-updown-15m-1767642300",
      "asset": "BTC",
      "outcome": "DOWN",
      "side": "BUY",
      "price": 0.56,
      "size": 155.86,
      "seconds_until_close": 667,
      "binance_btc": 94244.11,
      "binance_eth": 3220.4,
      "ob_ts": 1767642537767,
      "ob_latency_ms": 4767,
      "best_bid": 0.01,
      "best_ask": 0.99,
      "spread": 0.98,
      "bid_depth": 43,
      "ask_depth": 56,
      "imbalance": -0.13131313131313133,
      "is_mean_reversion": false,
      "is_momentum": true
    },
    {
      "trade_ts": 1767642533,
      "trade_time": "2026-01-05T19:48:53+00:00",
      "slug": "btc-updown-15m-1767642300",
      "asset": "BTC",
      "outcome": "DOWN",
      "side": "BUY",
      "price": 0.57,
      "size": 106.39,
      "seconds_until_close": 667,
      "binance_btc": 94244.11,
      "binance_eth": 3220.4,
      "ob_ts": 1767642537767,
      "ob_latency_ms": 4767,
      "best_bid": 0.01,
      "best_ask": 0.99,
      "spread": 0.98,
      "bid_depth": 43,
      "ask_depth": 56,
      "imbalance": -0.13131313131313133,
      "is_mean_reversion": false,
      "is_momentum": true
    },
    {
      "trade_ts": 1767642525,
      "trade_time": "2026-01-05T19:48:45+00:00",
      "slug": "btc-updown-15m-1767642300",
      "asset": "BTC",
      "outcome": "DOWN",
      "side": "BUY",
      "price": 0.54,
      "size": 101.0,
      "seconds_until_close": 675,
      "binance_btc": 94244.11,
      "binance_eth": 3220.4,
      "ob_ts": 1767642527206,
      "ob_latency_ms": 2206,
      "best_bid": 0.01,
      "best_ask": 0.99,
      "spread": 0.98,
      "bid_depth": 45,
      "ask_depth": 54,
      "imbalance": -0.09090909090909091,
      "is_mean_reversion": false,
      "is_momentum": false
    },
    {
      "trade_ts": 1767642525,
      "trade_time": "2026-01-05T19:48:45+00:00",
      "slug": "eth-updown-15m-1767642300",
      "asset": "ETH",
      "outcome": "DOWN",
      "side": "BUY",
      "price": 0.46898472596585805,
      "size": 55.65,
      "seconds_until_close": 675,
      "binance_btc": 94244.11,
      "binance_eth": 3220.4,
      "ob_ts": 1767642529789,
      "ob_latency_ms": 4789,
      "best_bid": 0.01,
      "best_ask": 0.99,
      "spread": 0.98,
      "bid_depth": 49,
      "ask_depth": 49,
      "imbalance": 0.0,
      "is_mean_reversion": false,
      "is_momentum": false
    },
    {
      "trade_ts": 1767642523,
      "trade_time": "2026-01-05T19:48:43+00:00",
      "slug": "btc-updown-15m-1767642300",
      "asset": "BTC",
      "outcome": "DOWN",
      "side": "BUY",
      "price": 0.54,
      "size": 202.0,
      "seconds_until_close": 677,
      "binance_btc": 94244.11,
      "binance_eth": 3220.4,
      "ob_ts": 1767642527206,
      "ob_latency_ms": 4206,
      "best_bid": 0.01,
      "best_ask": 0.99,
      "spread": 0.98,
      "bid_depth": 45,
      "ask_depth": 54,
      "imbalance": -0.09090909090909091,
      "is_mean_reversion": false,
      "is_momentum": false
    },
    {
      "trade_ts": 1767642523,
      "trade_time": "2026-01-05T19:48:43+00:00",
      "slug": "btc-updown-15m-1767642300",
      "asset": "BTC",
      "outcome": "DOWN",
      "side": "BUY",
      "price": 0.53,
      "size": 118.0,
      "seconds_until_close": 677,
      "binance_btc": 94244.11,
      "binance_eth": 3220.4,
      "ob_ts": 1767642527206,
      "ob_latency_ms": 4206,
      "best_bid": 0.01,
      "best_ask": 0.99,
      "spread": 0.98,
      "bid_depth": 45,
      "ask_depth": 54,
      "imbalance": -0.09090909090909091,
      "is_mean_reversion": false,
      "is_momentum": false
    },
    {
      "trade_ts": 1767642519,
      "trade_time": "2026-01-05T19:48:39+00:00",
      "slug": "btc-updown-15m-1767642300",
      "asset": "BTC",
      "outcome": "UP",
      "side": "BUY",
      "price": 0.49,
      "size": 196.7,
      "seconds_until_close": 681,
      "binance_btc": 94244.11,
      "binance_eth": 3220.4,
      "ob_ts": 1767642519173,
      "ob_latency_ms": 173,
      "best_bid": 0.01,
      "best_ask": 0.99,
      "spread": 0.98,
      "bid_depth": 51,
      "ask_depth": 48,
      "imbalance": 0.030303030303030304,
      "is_mean_reversion": false,
      "is_momentum": false
    },
    {
      "trade_ts": 1767642519,
      "trade_time": "2026-01-05T19:48:39+00:00",
      "slug": "btc-updown-15m-1767642300",
      "asset": "BTC",
      "outcome": "UP",
      "side": "BUY",
      "price": 0.5,
      "size": 202.0,
      "seconds_until_close": 681,
      "binance_btc": 94244.11,
      "binance_eth": 3220.4,
      "ob_ts": 1767642519173,
      "ob_latency_ms": 173,
      "best_bid": 0.01,
      "best_ask": 0.99,
      "spread": 0.98,
      "bid_depth": 51,
      "ask_depth": 48,
      "imbalance": 0.030303030303030304,
      "is_mean_reversion": false,
      "is_momentum": false
    },
    {
      "trade_ts": 1767642519,
      "trade_time": "2026-01-05T19:48:39+00:00",
      "slug": "eth-updown-15m-1767642300",
      "asset": "ETH",
      "outcome": "UP",
      "side": "BUY",
      "price": 0.55,
      "size": 61.0,
      "seconds_until_close": 681,
      "binance_btc": 94244.11,
      "binance_eth": 3220.4,
      "ob_ts": 1767642519072,
      "ob_latency_ms": 72,
      "best_bid": 0.01,
      "best_ask": 0.99,
      "spread": 0.98,
      "bid_depth": 54,
      "ask_depth": 45,
      "imbalance": 0.09090909090909091,
      "is_mean_reversion": false,
      "is_momentum": false
    },
    {
      "trade_ts": 1767642519,
      "trade_time": "2026-01-05T19:48:39+00:00",
      "slug": "eth-updown-15m-1767642300",
      "asset": "ETH",
      "outcome": "UP",
      "side": "BUY",
      "price": 0.55,
      "size": 122.0,
      "seconds_until_close": 681,
      "binance_btc": 94244.11,
      "binance_eth": 3220.4,
      "ob_ts": 1767642519072,
      "ob_latency_ms": 72,
      "best_bid": 0.01,
      "best_ask": 0.99,
      "spread": 0.98,
      "bid_depth": 54,
      "ask_depth": 45,
      "imbalance": 0.09090909090909091,
      "is_mean_reversion": false,
      "is_momentum": false
    },
    {
      "trade_ts": 1767642519,
      "trade_time": "2026-01-05T19:48:39+00:00",
      "slug": "btc-updown-15m-1767642300",
      "asset": "BTC",
      "outcome": "UP",
      "side": "BUY",
      "price": 0.5,
      "size": 101.0,
      "seconds_until_close": 681,
      "binance_btc": 94244.11,
      "binance_eth": 3220.4,
      "ob_ts": 1767642519173,
      "ob_latency_ms": 173,
      "best_bid": 0.01,
      "best_ask": 0.99,
      "spread": 0.98,
      "bid_depth": 51,
      "ask_depth": 48,
      "imbalance": 0.030303030303030304,
      "is_mean_reversion": false,
      "is_momentum": false
    },
    {
      "trade_ts": 1767642517,
      "trade_time": "2026-01-05T19:48:37+00:00",
      "slug": "btc-updown-15m-1767642300",
      "asset": "BTC",
      "outcome": "UP",
      "side": "BUY",
      "price": 0.45440736659845743,
      "size": 127.06,
      "seconds_until_close": 683,
      "binance_btc": 94244.11,
      "binance_eth": 3220.4,
      "ob_ts": 1767642518879,
      "ob_latency_ms": 1879,
      "best_bid": 0.01,
      "best_ask": 0.99,
      "spread": 0.98,
      "bid_depth": 48,
      "ask_depth": 51,
      "imbalance": -0.030303030303030304,
      "is_mean_reversion": false,
      "is_momentum": false
    },
    {
      "trade_ts": 1767642517,
      "trade_time": "2026-01-05T19:48:37+00:00",
      "slug": "eth-updown-15m-1767642300",
      "asset": "ETH",
      "outcome": "UP",
      "side": "BUY",
      "price": 0.54,
      "size": 16.09,
      "seconds_until_close": 683,
      "binance_btc": 94244.11,
      "binance_eth": 3220.4,
      "ob_ts": 1767642519072,
      "ob_latency_ms": 2072,
      "best_bid": 0.01,
      "best_ask": 0.99,
      "spread": 0.98,
      "bid_depth": 54,
      "ask_depth": 45,
      "imbalance": 0.09090909090909091,
      "is_mean_reversion": false,
      "is_momentum": false
    },
    {
      "trade_ts": 1767642517,
      "trade_time": "2026-01-05T19:48:37+00:00",
      "slug": "btc-updown-15m-1767642300",
      "asset": "BTC",
      "outcome": "UP",
      "side": "BUY",
      "price": 0.48,
      "size": 202.0,
      "seconds_until_close": 683,
      "binance_btc": 94244.11,
      "binance_eth": 3220.4,
      "ob_ts": 1767642518879,
      "ob_latency_ms": 1879,
      "best_bid": 0.01,
      "best_ask": 0.99,
      "spread": 0.98,
      "bid_depth": 48,
      "ask_depth": 51,
      "imbalance": -0.030303030303030304,
      "is_mean_reversion": false,
      "is_momentum": false
    },
    {
      "trade_ts": 1767642517,
      "trade_time": "2026-01-05T19:48:37+00:00",
      "slug": "btc-updown-15m-1767642300",
      "asset": "BTC",
      "outcome": "UP",
      "side": "BUY",
      "price": 0.48,
      "size": 22.0,
      "seconds_until_close": 683,
      "binance_btc": 94244.11,
      "binance_eth": 3220.4,
      "ob_ts": 1767642518879,
      "ob_latency_ms": 1879,
      "best_bid": 0.01,
      "best_ask": 0.99,
      "spread": 0.98,
      "bid_depth": 48,
      "ask_depth": 51,
      "imbalance": -0.030303030303030304,
      "is_mean_reversion": false,
      "is_momentum": false
    },
    {
      "trade_ts": 1767642517,
      "trade_time": "2026-01-05T19:48:37+00:00",
      "slug": "eth-updown-15m-1767642300",
      "asset": "ETH",
      "outcome": "UP",
      "side": "BUY",
      "price": 0.55,
      "size": 61.0,
      "seconds_until_close": 683,
      "binance_btc": 94244.11,
      "binance_eth": 3220.4,
      "ob_ts": 1767642519072,
      "ob_latency_ms": 2072,
      "best_bid": 0.01,
      "best_ask": 0.99,
      "spread": 0.98,
      "bid_depth": 54,
      "ask_depth": 45,
      "imbalance": 0.09090909090909091,
      "is_mean_reversion": false,
      "is_momentum": false
    },
    {
      "trade_ts": 1767642517,
      "trade_time": "2026-01-05T19:48:37+00:00",
      "slug": "eth-updown-15m-1767642300",
      "asset": "ETH",
      "outcome": "UP",
      "side": "BUY",
      "price": 0.55,
      "size": 122.0,
      "seconds_until_close": 683,
      "binance_btc": 94244.11,
      "binance_eth": 3220.4,
      "ob_ts": 1767642519072,
      "ob_latency_ms": 2072,
      "best_bid": 0.01,
      "best_ask": 0.99,
      "spread": 0.98,
      "bid_depth": 54,
      "ask_depth": 45,
      "imbalance": 0.09090909090909091,
      "is_mean_reversion": false,
      "is_momentum": false
    },
    {
      "trade_ts": 1767642517,
      "trade_time": "2026-01-05T19:48:37+00:00",
      "slug": "btc-updown-15m-1767642300",
      "asset": "BTC",
      "outcome": "UP",
      "side": "BUY",
      "price": 0.47,
      "size": 56.86,
      "seconds_until_close": 683,
      "binance_btc": 94244.11,
      "binance_eth": 3220.4,
      "ob_ts": 1767642518879,
      "ob_latency_ms": 1879,
      "best_bid": 0.01,
      "best_ask": 0.99,
      "spread": 0.98,
      "bid_depth": 48,
      "ask_depth": 51,
      "imbalance": -0.030303030303030304,
      "is_mean_reversion": false,
      "is_momentum": false
    },
    {
      "trade_ts": 1767642509,
      "trade_time": "2026-01-05T19:48:29+00:00",
      "slug": "btc-updown-15m-1767642300",
      "asset": "BTC",
      "outcome": "DOWN",
      "side": "BUY",
      "price": 0.55,
      "size": 84.85,
      "seconds_until_close": 691,
      "binance_btc": 94244.11,
      "binance_eth": 3220.4,
      "ob_ts": 1767642509388,
      "ob_latency_ms": 388,
      "best_bid": 0.01,
      "best_ask": 0.99,
      "spread": 0.98,
      "bid_depth": 42,
      "ask_depth": 57,
      "imbalance": -0.15151515151515152,
      "is_mean_reversion": false,
      "is_momentum": true
    },
    {
      "trade_ts": 1767642501,
      "trade_time": "2026-01-05T19:48:21+00:00",
      "slug": "eth-updown-15m-1767642300",
      "asset": "ETH",
      "outcome": "UP",
      "side": "BUY",
      "price": 0.5,
      "size": 6.0,
      "seconds_until_close": 699,
      "binance_btc": 94244.11,
      "binance_eth": 3220.4,
      "ob_ts": 1767642502380,
      "ob_latency_ms": 1380,
      "best_bid": 0.01,
      "best_ask": 0.99,
      "spread": 0.98,
      "bid_depth": 51,
      "ask_depth": 47,
      "imbalance": 0.04081632653061224,
      "is_mean_reversion": false,
      "is_momentum": false
    },
    {
      "trade_ts": 1767642497,
      "trade_time": "2026-01-05T19:48:17+00:00",
      "slug": "btc-updown-15m-1767642300",
      "asset": "BTC",
      "outcome": "UP",
      "side": "BUY",
      "price": 0.45,
      "size": 101.0,
      "seconds_until_close": 703,
      "binance_btc": 94244.11,
      "binance_eth": 3220.4,
      "ob_ts": 1767642499341,
      "ob_latency_ms": 2341,
      "best_bid": 0.01,
      "best_ask": 0.99,
      "spread": 0.98,
      "bid_depth": 46,
      "ask_depth": 53,
      "imbalance": -0.0707070707070707,
      "is_mean_reversion": false,
      "is_momentum": false
    },
    {
      "trade_ts": 1767642497,
      "trade_time": "2026-01-05T19:48:17+00:00",
      "slug": "btc-updown-15m-1767642300",
      "asset": "BTC",
      "outcome": "UP",
      "side": "BUY",
      "price": 0.44,
      "size": 202.0,
      "seconds_until_close": 703,
      "binance_btc": 94244.11,
      "binance_eth": 3220.4,
      "ob_ts": 1767642499341,
      "ob_latency_ms": 2341,
      "best_bid": 0.01,
      "best_ask": 0.99,
      "spread": 0.98,
      "bid_depth": 46,
      "ask_depth": 53,
      "imbalance": -0.0707070707070707,
      "is_mean_reversion": false,
      "is_momentum": false
    },
    {
      "trade_ts": 1767642495,
      "trade_time": "2026-01-05T19:48:15+00:00",
      "slug": "btc-updown-15m-1767642300",
      "asset": "BTC",
      "outcome": "UP",
      "side": "BUY",
      "price": 0.44,
      "size": 111.0,
      "seconds_until_close": 705,
      "binance_btc": 94244.11,
      "binance_eth": 3220.4,
      "ob_ts": 1767642499341,
      "ob_latency_ms": 4341,
      "best_bid": 0.01,
      "best_ask": 0.99,
      "spread": 0.98,
      "bid_depth": 46,
      "ask_depth": 53,
      "imbalance": -0.0707070707070707,
      "is_mean_reversion": false,
      "is_momentum": false
    },
    {
      "trade_ts": 1767642493,
      "trade_time": "2026-01-05T19:48:13+00:00",
      "slug": "btc-updown-15m-1767642300",
      "asset": "BTC",
      "outcome": "UP",
      "side": "BUY",
      "price": 0.42,
      "size": 195.0,
      "seconds_until_close": 707,
      "binance_btc": 94244.11,
      "binance_eth": 3220.4,
      "ob_ts": 1767642493117,
      "ob_latency_ms": 117,
      "best_bid": 0.01,
      "best_ask": 0.99,
      "spread": 0.98,
      "bid_depth": 44,
      "ask_depth": 55,
      "imbalance": -0.1111111111111111,
      "is_mean_reversion": true,
      "is_momentum": false
    },
    {
      "trade_ts": 1767642493,
      "trade_time": "2026-01-05T19:48:13+00:00",
      "slug": "btc-updown-15m-1767642300",
      "asset": "BTC",
      "outcome": "UP",
      "side": "BUY",
      "price": 0.4,
      "size": 19.22,
      "seconds_until_close": 707,
      "binance_btc": 94244.11,
      "binance_eth": 3220.4,
      "ob_ts": 1767642493117,
      "ob_latency_ms": 117,
      "best_bid": 0.01,
      "best_ask": 0.99,
      "spread": 0.98,
      "bid_depth": 44,
      "ask_depth": 55,
      "imbalance": -0.1111111111111111,
      "is_mean_reversion": true,
      "is_momentum": false
    },
    {
      "trade_ts": 1767642493,
      "trade_time": "2026-01-05T19:48:13+00:00",
      "slug": "btc-updown-15m-1767642300",
      "asset": "BTC",
      "outcome": "UP",
      "side": "BUY",
      "price": 0.37,
      "size": 191.0,
      "seconds_until_close": 707,
      "binance_btc": 94244.11,
      "binance_eth": 3220.4,
      "ob_ts": 1767642493117,
      "ob_latency_ms": 117,
      "best_bid": 0.01,
      "best_ask": 0.99,
      "spread": 0.98,
      "bid_depth": 44,
      "ask_depth": 55,
      "imbalance": -0.1111111111111111,
      "is_mean_reversion": true,
      "is_momentum": false
    },
    {
      "trade_ts": 1767642491,
      "trade_time": "2026-01-05T19:48:11+00:00",
      "slug": "btc-updown-15m-1767642300",
      "asset": "BTC",
      "outcome": "DOWN",
      "side": "BUY",
      "price": 0.662330198019802,
      "size": 202.0,
      "seconds_until_close": 709,
      "binance_btc": 94244.11,
      "binance_eth": 3220.4,
      "ob_ts": 1767642493117,
      "ob_latency_ms": 2117,
      "best_bid": 0.01,
      "best_ask": 0.99,
      "spread": 0.98,
      "bid_depth": 44,
      "ask_depth": 55,
      "imbalance": -0.1111111111111111,
      "is_mean_reversion": false,
      "is_momentum": true
    },
    {
      "trade_ts": 1767642487,
      "trade_time": "2026-01-05T19:48:07+00:00",
      "slug": "eth-updown-15m-1767642300",
      "asset": "ETH",
      "outcome": "UP",
      "side": "BUY",
      "price": 0.43,
      "size": 10.0,
      "seconds_until_close": 713,
      "binance_btc": 94244.11,
      "binance_eth": 3220.4,
      "ob_ts": 1767642490217,
      "ob_latency_ms": 3217,
      "best_bid": 0.01,
      "best_ask": 0.99,
      "spread": 0.98,
      "bid_depth": 44,
      "ask_depth": 55,
      "imbalance": -0.1111111111111111,
      "is_mean_reversion": true,
      "is_momentum": false
    },
    {
      "trade_ts": 1767642467,
      "trade_time": "2026-01-05T19:47:47+00:00",
      "slug": "btc-updown-15m-1767642300",
      "asset": "BTC",
      "outcome": "DOWN",
      "side": "BUY",
      "price": 0.5919798964361864,
      "size": 65.66,
      "seconds_until_close": 733,
      "binance_btc": 94203.6,
      "binance_eth": 3218.4,
      "ob_ts": 1767642470900,
      "ob_latency_ms": 3900,
      "best_bid": 0.01,
      "best_ask": 0.99,
      "spread": 0.98,
      "bid_depth": 34,
      "ask_depth": 65,
      "imbalance": -0.31313131313131315,
      "is_mean_reversion": false,
      "is_momentum": true
    },
    {
      "trade_ts": 1767642467,
      "trade_time": "2026-01-05T19:47:47+00:00",
      "slug": "btc-updown-15m-1767642300",
      "asset": "BTC",
      "outcome": "DOWN",
      "side": "BUY",
      "price": 0.61,
      "size": 83.0,
      "seconds_until_close": 733,
      "binance_btc": 94203.6,
      "binance_eth": 3218.4,
      "ob_ts": 1767642470900,
      "ob_latency_ms": 3900,
      "best_bid": 0.01,
      "best_ask": 0.99,
      "spread": 0.98,
      "bid_depth": 34,
      "ask_depth": 65,
      "imbalance": -0.31313131313131315,
      "is_mean_reversion": false,
      "is_momentum": true
    },
    {
      "trade_ts": 1767642467,
      "trade_time": "2026-01-05T19:47:47+00:00",
      "slug": "btc-updown-15m-1767642300",
      "asset": "BTC",
      "outcome": "DOWN",
      "side": "BUY",
      "price": 0.6329212871287129,
      "size": 202.0,
      "seconds_until_close": 733,
      "binance_btc": 94203.6,
      "binance_eth": 3218.4,
      "ob_ts": 1767642470900,
      "ob_latency_ms": 3900,
      "best_bid": 0.01,
      "best_ask": 0.99,
      "spread": 0.98,
      "bid_depth": 34,
      "ask_depth": 65,
      "imbalance": -0.31313131313131315,
      "is_mean_reversion": false,
      "is_momentum": true
    },
    {
      "trade_ts": 1767642467,
      "trade_time": "2026-01-05T19:47:47+00:00",
      "slug": "btc-updown-15m-1767642300",
      "asset": "BTC",
      "outcome": "DOWN",
      "side": "BUY",
      "price": 0.6473105436573311,
      "size": 194.24,
      "seconds_until_close": 733,
      "binance_btc": 94203.6,
      "binance_eth": 3218.4,
      "ob_ts": 1767642470900,
      "ob_latency_ms": 3900,
      "best_bid": 0.01,
      "best_ask": 0.99,
      "spread": 0.98,
      "bid_depth": 34,
      "ask_depth": 65,
      "imbalance": -0.31313131313131315,
      "is_mean_reversion": false,
      "is_momentum": true
    },
    {
      "trade_ts": 1767642467,
      "trade_time": "2026-01-05T19:47:47+00:00",
      "slug": "btc-updown-15m-1767642300",
      "asset": "BTC",
      "outcome": "DOWN",
      "side": "BUY",
      "price": 0.65,
      "size": 101.0,
      "seconds_until_close": 733,
      "binance_btc": 94203.6,
      "binance_eth": 3218.4,
      "ob_ts": 1767642470900,
      "ob_latency_ms": 3900,
      "best_bid": 0.01,
      "best_ask": 0.99,
      "spread": 0.98,
      "bid_depth": 34,
      "ask_depth": 65,
      "imbalance": -0.31313131313131315,
      "is_mean_reversion": false,
      "is_momentum": true
    },
    {
      "trade_ts": 1767642465,
      "trade_time": "2026-01-05T19:47:45+00:00",
      "slug": "eth-updown-15m-1767642300",
      "asset": "ETH",
      "outcome": "DOWN",
      "side": "BUY",
      "price": 0.52,
      "size": 14.99,
      "seconds_until_close": 735,
      "binance_btc": 94203.6,
      "binance_eth": 3218.4,
      "ob_ts": 1767642466631,
      "ob_latency_ms": 1631,
      "best_bid": 0.01,
      "best_ask": 0.99,
      "spread": 0.98,
      "bid_depth": 43,
      "ask_depth": 56,
      "imbalance": -0.13131313131313133,
      "is_mean_reversion": false,
      "is_momentum": true
    },
    {
      "trade_ts": 1767642465,
      "trade_time": "2026-01-05T19:47:45+00:00",
      "slug": "btc-updown-15m-1767642300",
      "asset": "BTC",
      "outcome": "UP",
      "side": "BUY",
      "price": 0.4126886933174224,
      "size": 134.08,
      "seconds_until_close": 735,
      "binance_btc": 94203.6,
      "binance_eth": 3218.4,
      "ob_ts": 1767642465543,
      "ob_latency_ms": 543,
      "best_bid": 0.01,
      "best_ask": 0.99,
      "spread": 0.98,
      "bid_depth": 35,
      "ask_depth": 64,
      "imbalance": -0.29292929292929293,
      "is_mean_reversion": true,
      "is_momentum": false
    },
    {
      "trade_ts": 1767642465,
      "trade_time": "2026-01-05T19:47:45+00:00",
      "slug": "btc-updown-15m-1767642300",
      "asset": "BTC",
      "outcome": "UP",
      "side": "BUY",
      "price": 0.43,
      "size": 95.0,
      "seconds_until_close": 735,
      "binance_btc": 94203.6,
      "binance_eth": 3218.4,
      "ob_ts": 1767642465543,
      "ob_latency_ms": 543,
      "best_bid": 0.01,
      "best_ask": 0.99,
      "spread": 0.98,
      "bid_depth": 35,
      "ask_depth": 64,
      "imbalance": -0.29292929292929293,
      "is_mean_reversion": true,
      "is_momentum": false
    },
    {
      "trade_ts": 1767642463,
      "trade_time": "2026-01-05T19:47:43+00:00",
      "slug": "eth-updown-15m-1767642300",
      "asset": "ETH",
      "outcome": "UP",
      "side": "BUY",
      "price": 0.44,
      "size": 14.95,
      "seconds_until_close": 737,
      "binance_btc": 94203.6,
      "binance_eth": 3218.4,
      "ob_ts": 1767642463073,
      "ob_latency_ms": 73,
      "best_bid": 0.01,
      "best_ask": 0.99,
      "spread": 0.98,
      "bid_depth": 53,
      "ask_depth": 45,
      "imbalance": 0.08163265306122448,
      "is_mean_reversion": false,
      "is_momentum": false
    },
    {
      "trade_ts": 1767642451,
      "trade_time": "2026-01-05T19:47:31+00:00",
      "slug": "btc-updown-15m-1767642300",
      "asset": "BTC",
      "outcome": "UP",
      "side": "BUY",
      "price": 0.39,
      "size": 134.76,
      "seconds_until_close": 749,
      "binance_btc": 94203.6,
      "binance_eth": 3218.4,
      "ob_ts": 1767642452509,
      "ob_latency_ms": 1509,
      "best_bid": 0.01,
      "best_ask": 0.99,
      "spread": 0.98,
      "bid_depth": 37,
      "ask_depth": 62,
      "imbalance": -0.25252525252525254,
      "is_mean_reversion": true,
      "is_momentum": false
    },
    {
      "trade_ts": 1767642449,
      "trade_time": "2026-01-05T19:47:29+00:00",
      "slug": "btc-updown-15m-1767642300",
      "asset": "BTC",
      "outcome": "UP",
      "side": "BUY",
      "price": 0.37,
      "size": 101.0,
      "seconds_until_close": 751,
      "binance_btc": 94203.6,
      "binance_eth": 3218.4,
      "ob_ts": 1767642449292,
      "ob_latency_ms": 292,
      "best_bid": 0.01,
      "best_ask": 0.99,
      "spread": 0.98,
      "bid_depth": 37,
      "ask_depth": 62,
      "imbalance": -0.25252525252525254,
      "is_mean_reversion": true,
      "is_momentum": false
    },
    {
      "trade_ts": 1767642449,
      "trade_time": "2026-01-05T19:47:29+00:00",
      "slug": "btc-updown-15m-1767642300",
      "asset": "BTC",
      "outcome": "UP",
      "side": "BUY",
      "price": 0.37,
      "size": 202.0,
      "seconds_until_close": 751,
      "binance_btc": 94203.6,
      "binance_eth": 3218.4,
      "ob_ts": 1767642449292,
      "ob_latency_ms": 292,
      "best_bid": 0.01,
      "best_ask": 0.99,
      "spread": 0.98,
      "bid_depth": 37,
      "ask_depth": 62,
      "imbalance": -0.25252525252525254,
      "is_mean_reversion": true,
      "is_momentum": false
    },
    {
      "trade_ts": 1767642449,
      "trade_time": "2026-01-05T19:47:29+00:00",
      "slug": "btc-updown-15m-1767642300",
      "asset": "BTC",
      "outcome": "DOWN",
      "side": "BUY",
      "price": 0.6448480198019801,
      "size": 202.0,
      "seconds_until_close": 751,
      "binance_btc": 94203.6,
      "binance_eth": 3218.4,
      "ob_ts": 1767642449292,
      "ob_latency_ms": 292,
      "best_bid": 0.01,
      "best_ask": 0.99,
      "spread": 0.98,
      "bid_depth": 37,
      "ask_depth": 62,
      "imbalance": -0.25252525252525254,
      "is_mean_reversion": false,
      "is_momentum": true
    },
    {
      "trade_ts": 1767642447,
      "trade_time": "2026-01-05T19:47:27+00:00",
      "slug": "eth-updown-15m-1767642300",
      "asset": "ETH",
      "outcome": "DOWN",
      "side": "BUY",
      "price": 0.53,
      "size": 37.41,
      "seconds_until_close": 753,
      "binance_btc": 94203.6,
      "binance_eth": 3218.4,
      "ob_ts": 1767642447780,
      "ob_latency_ms": 780,
      "best_bid": 0.01,
      "best_ask": 0.99,
      "spread": 0.98,
      "bid_depth": 45,
      "ask_depth": 54,
      "imbalance": -0.09090909090909091,
      "is_mean_reversion": false,
      "is_momentum": false
    },
    {
      "trade_ts": 1767642447,
      "trade_time": "2026-01-05T19:47:27+00:00",
      "slug": "btc-updown-15m-1767642300",
      "asset": "BTC",
      "outcome": "DOWN",
      "side": "BUY",
      "price": 0.65,
      "size": 101.0,
      "seconds_until_close": 753,
      "binance_btc": 94203.6,
      "binance_eth": 3218.4,
      "ob_ts": 1767642449292,
      "ob_latency_ms": 2292,
      "best_bid": 0.01,
      "best_ask": 0.99,
      "spread": 0.98,
      "bid_depth": 37,
      "ask_depth": 62,
      "imbalance": -0.25252525252525254,
      "is_mean_reversion": false,
      "is_momentum": true
    },
    {
      "trade_ts": 1767642447,
      "trade_time": "2026-01-05T19:47:27+00:00",
      "slug": "eth-updown-15m-1767642300",
      "asset": "ETH",
      "outcome": "DOWN",
      "side": "BUY",
      "price": 0.55,
      "size": 53.81,
      "seconds_until_close": 753,
      "binance_btc": 94203.6,
      "binance_eth": 3218.4,
      "ob_ts": 1767642447780,
      "ob_latency_ms": 780,
      "best_bid": 0.01,
      "best_ask": 0.99,
      "spread": 0.98,
      "bid_depth": 45,
      "ask_depth": 54,
      "imbalance": -0.09090909090909091,
      "is_mean_reversion": false,
      "is_momentum": false
    },
    {
      "trade_ts": 1767642447,
      "trade_time": "2026-01-05T19:47:27+00:00",
      "slug": "btc-updown-15m-1767642300",
      "asset": "BTC",
      "outcome": "DOWN",
      "side": "BUY",
      "price": 0.64,
      "size": 8.0,
      "seconds_until_close": 753,
      "binance_btc": 94203.6,
      "binance_eth": 3218.4,
      "ob_ts": 1767642449292,
      "ob_latency_ms": 2292,
      "best_bid": 0.01,
      "best_ask": 0.99,
      "spread": 0.98,
      "bid_depth": 37,
      "ask_depth": 62,
      "imbalance": -0.25252525252525254,
      "is_mean_reversion": false,
      "is_momentum": true
    },
    {
      "trade_ts": 1767642447,
      "trade_time": "2026-01-05T19:47:27+00:00",
      "slug": "btc-updown-15m-1767642300",
      "asset": "BTC",
      "outcome": "DOWN",
      "side": "BUY",
      "price": 0.62,
      "size": 147.93,
      "seconds_until_close": 753,
      "binance_btc": 94203.6,
      "binance_eth": 3218.4,
      "ob_ts": 1767642449292,
      "ob_latency_ms": 2292,
      "best_bid": 0.01,
      "best_ask": 0.99,
      "spread": 0.98,
      "bid_depth": 37,
      "ask_depth": 62,
      "imbalance": -0.25252525252525254,
      "is_mean_reversion": false,
      "is_momentum": true
    },
    {
      "trade_ts": 1767642447,
      "trade_time": "2026-01-05T19:47:27+00:00",
      "slug": "eth-updown-15m-1767642300",
      "asset": "ETH",
      "outcome": "DOWN",
      "side": "BUY",
      "price": 0.52,
      "size": 21.56,
      "seconds_until_close": 753,
      "binance_btc": 94203.6,
      "binance_eth": 3218.4,
      "ob_ts": 1767642447780,
      "ob_latency_ms": 780,
      "best_bid": 0.01,
      "best_ask": 0.99,
      "spread": 0.98,
      "bid_depth": 45,
      "ask_depth": 54,
      "imbalance": -0.09090909090909091,
      "is_mean_reversion": false,
      "is_momentum": false
    },
    {
      "trade_ts": 1767642447,
      "trade_time": "2026-01-05T19:47:27+00:00",
      "slug": "eth-updown-15m-1767642300",
      "asset": "ETH",
      "outcome": "DOWN",
      "side": "BUY",
      "price": 0.54,
      "size": 24.93,
      "seconds_until_close": 753,
      "binance_btc": 94203.6,
      "binance_eth": 3218.4,
      "ob_ts": 1767642447780,
      "ob_latency_ms": 780,
      "best_bid": 0.01,
      "best_ask": 0.99,
      "spread": 0.98,
      "bid_depth": 45,
      "ask_depth": 54,
      "imbalance": -0.09090909090909091,
      "is_mean_reversion": false,
      "is_momentum": false
    },
    {
      "trade_ts": 1767642447,
      "trade_time": "2026-01-05T19:47:27+00:00",
      "slug": "btc-updown-15m-1767642300",
      "asset": "BTC",
      "outcome": "DOWN",
      "side": "BUY",
      "price": 0.637189603960396,
      "size": 202.0,
      "seconds_until_close": 753,
      "binance_btc": 94203.6,
      "binance_eth": 3218.4,
      "ob_ts": 1767642449292,
      "ob_latency_ms": 2292,
      "best_bid": 0.01,
      "best_ask": 0.99,
      "spread": 0.98,
      "bid_depth": 37,
      "ask_depth": 62,
      "imbalance": -0.25252525252525254,
      "is_mean_reversion": false,
      "is_momentum": true
    },
    {
      "trade_ts": 1767642431,
      "trade_time": "2026-01-05T19:47:11+00:00",
      "slug": "btc-updown-15m-1767642300",
      "asset": "BTC",
      "outcome": "DOWN",
      "side": "BUY",
      "price": 0.57,
      "size": 202.0,
      "seconds_until_close": 769,
      "binance_btc": 94203.6,
      "binance_eth": 3218.4,
      "ob_ts": 1767642433390,
      "ob_latency_ms": 2390,
      "best_bid": 0.01,
      "best_ask": 0.99,
      "spread": 0.98,
      "bid_depth": 41,
      "ask_depth": 58,
      "imbalance": -0.1717171717171717,
      "is_mean_reversion": false,
      "is_momentum": true
    },
    {
      "trade_ts": 1767642431,
      "trade_time": "2026-01-05T19:47:11+00:00",
      "slug": "btc-updown-15m-1767642300",
      "asset": "BTC",
      "outcome": "DOWN",
      "side": "BUY",
      "price": 0.58,
      "size": 23.5,
      "seconds_until_close": 769,
      "binance_btc": 94203.6,
      "binance_eth": 3218.4,
      "ob_ts": 1767642433390,
      "ob_latency_ms": 2390,
      "best_bid": 0.01,
      "best_ask": 0.99,
      "spread": 0.98,
      "bid_depth": 41,
      "ask_depth": 58,
      "imbalance": -0.1717171717171717,
      "is_mean_reversion": false,
      "is_momentum": true
    },
    {
      "trade_ts": 1767642431,
      "trade_time": "2026-01-05T19:47:11+00:00",
      "slug": "btc-updown-15m-1767642300",
      "asset": "BTC",
      "outcome": "DOWN",
      "side": "BUY",
      "price": 0.59,
      "size": 10.0,
      "seconds_until_close": 769,
      "binance_btc": 94203.6,
      "binance_eth": 3218.4,
      "ob_ts": 1767642433390,
      "ob_latency_ms": 2390,
      "best_bid": 0.01,
      "best_ask": 0.99,
      "spread": 0.98,
      "bid_depth": 41,
      "ask_depth": 58,
      "imbalance": -0.1717171717171717,
      "is_mean_reversion": false,
      "is_momentum": true
    },
    {
      "trade_ts": 1767642431,
      "trade_time": "2026-01-05T19:47:11+00:00",
      "slug": "btc-updown-15m-1767642300",
      "asset": "BTC",
      "outcome": "DOWN",
      "side": "BUY",
      "price": 0.57,
      "size": 15.0,
      "seconds_until_close": 769,
      "binance_btc": 94203.6,
      "binance_eth": 3218.4,
      "ob_ts": 1767642433390,
      "ob_latency_ms": 2390,
      "best_bid": 0.01,
      "best_ask": 0.99,
      "spread": 0.98,
      "bid_depth": 41,
      "ask_depth": 58,
      "imbalance": -0.1717171717171717,
      "is_mean_reversion": false,
      "is_momentum": true
    },
    {
      "trade_ts": 1767642429,
      "trade_time": "2026-01-05T19:47:09+00:00",
      "slug": "btc-updown-15m-1767642300",
      "asset": "BTC",
      "outcome": "DOWN",
      "side": "BUY",
      "price": 0.55,
      "size": 52.09,
      "seconds_until_close": 771,
      "binance_btc": 94203.6,
      "binance_eth": 3218.4,
      "ob_ts": 1767642433390,
      "ob_latency_ms": 4390,
      "best_bid": 0.01,
      "best_ask": 0.99,
      "spread": 0.98,
      "bid_depth": 41,
      "ask_depth": 58,
      "imbalance": -0.1717171717171717,
      "is_mean_reversion": false,
      "is_momentum": true
    },
    {
      "trade_ts": 1767642429,
      "trade_time": "2026-01-05T19:47:09+00:00",
      "slug": "btc-updown-15m-1767642300",
      "asset": "BTC",
      "outcome": "UP",
      "side": "BUY",
      "price": 0.49,
      "size": 101.0,
      "seconds_until_close": 771,
      "binance_btc": 94203.6,
      "binance_eth": 3218.4,
      "ob_ts": 1767642433390,
      "ob_latency_ms": 4390,
      "best_bid": 0.01,
      "best_ask": 0.99,
      "spread": 0.98,
      "bid_depth": 41,
      "ask_depth": 58,
      "imbalance": -0.1717171717171717,
      "is_mean_reversion": true,
      "is_momentum": false
    },
    {
      "trade_ts": 1767642427,
      "trade_time": "2026-01-05T19:47:07+00:00",
      "slug": "btc-updown-15m-1767642300",
      "asset": "BTC",
      "outcome": "DOWN",
      "side": "BUY",
      "price": 0.56,
      "size": 202.0,
      "seconds_until_close": 773,
      "binance_btc": 94203.6,
      "binance_eth": 3218.4,
      "ob_ts": 1767642427756,
      "ob_latency_ms": 756,
      "best_bid": 0.01,
      "best_ask": 0.99,
      "spread": 0.98,
      "bid_depth": 40,
      "ask_depth": 59,
      "imbalance": -0.1919191919191919,
      "is_mean_reversion": false,
      "is_momentum": true
    },
    {
      "trade_ts": 1767642427,
      "trade_time": "2026-01-05T19:47:07+00:00",
      "slug": "btc-updown-15m-1767642300",
      "asset": "BTC",
      "outcome": "UP",
      "side": "BUY",
      "price": 0.44,
      "size": 93.56,
      "seconds_until_close": 773,
      "binance_btc": 94203.6,
      "binance_eth": 3218.4,
      "ob_ts": 1767642427756,
      "ob_latency_ms": 756,
      "best_bid": 0.01,
      "best_ask": 0.99,
      "spread": 0.98,
      "bid_depth": 40,
      "ask_depth": 59,
      "imbalance": -0.1919191919191919,
      "is_mean_reversion": true,
      "is_momentum": false
    },
    {
      "trade_ts": 1767642427,
      "trade_time": "2026-01-05T19:47:07+00:00",
      "slug": "btc-updown-15m-1767642300",
      "asset": "BTC",
      "outcome": "UP",
      "side": "BUY",
      "price": 0.48,
      "size": 202.0,
      "seconds_until_close": 773,
      "binance_btc": 94203.6,
      "binance_eth": 3218.4,
      "ob_ts": 1767642427756,
      "ob_latency_ms": 756,
      "best_bid": 0.01,
      "best_ask": 0.99,
      "spread": 0.98,
      "bid_depth": 40,
      "ask_depth": 59,
      "imbalance": -0.1919191919191919,
      "is_mean_reversion": true,
      "is_momentum": false
    },
    {
      "trade_ts": 1767642427,
      "trade_time": "2026-01-05T19:47:07+00:00",
      "slug": "btc-updown-15m-1767642300",
      "asset": "BTC",
      "outcome": "UP",
      "side": "BUY",
      "price": 0.47,
      "size": 72.01,
      "seconds_until_close": 773,
      "binance_btc": 94203.6,
      "binance_eth": 3218.4,
      "ob_ts": 1767642427756,
      "ob_latency_ms": 756,
      "best_bid": 0.01,
      "best_ask": 0.99,
      "spread": 0.98,
      "bid_depth": 40,
      "ask_depth": 59,
      "imbalance": -0.1919191919191919,
      "is_mean_reversion": true,
      "is_momentum": false
    },
    {
      "trade_ts": 1767642427,
      "trade_time": "2026-01-05T19:47:07+00:00",
      "slug": "btc-updown-15m-1767642300",
      "asset": "BTC",
      "outcome": "UP",
      "side": "BUY",
      "price": 0.48,
      "size": 113.43,
      "seconds_until_close": 773,
      "binance_btc": 94203.6,
      "binance_eth": 3218.4,
      "ob_ts": 1767642427756,
      "ob_latency_ms": 756,
      "best_bid": 0.01,
      "best_ask": 0.99,
      "spread": 0.98,
      "bid_depth": 40,
      "ask_depth": 59,
      "imbalance": -0.1919191919191919,
      "is_mean_reversion": true,
      "is_momentum": false
    },
    {
      "trade_ts": 1767642427,
      "trade_time": "2026-01-05T19:47:07+00:00",
      "slug": "btc-updown-15m-1767642300",
      "asset": "BTC",
      "outcome": "DOWN",
      "side": "BUY",
      "price": 0.56,
      "size": 33.0,
      "seconds_until_close": 773,
      "binance_btc": 94203.6,
      "binance_eth": 3218.4,
      "ob_ts": 1767642427756,
      "ob_latency_ms": 756,
      "best_bid": 0.01,
      "best_ask": 0.99,
      "spread": 0.98,
      "bid_depth": 40,
      "ask_depth": 59,
      "imbalance": -0.1919191919191919,
      "is_mean_reversion": false,
      "is_momentum": true
    },
    {
      "trade_ts": 1767642427,
      "trade_time": "2026-01-05T19:47:07+00:00",
      "slug": "eth-updown-15m-1767642300",
      "asset": "ETH",
      "outcome": "UP",
      "side": "BUY",
      "price": 0.5,
      "size": 51.03,
      "seconds_until_close": 773,
      "binance_btc": 94203.6,
      "binance_eth": 3218.4,
      "ob_ts": 1767642428825,
      "ob_latency_ms": 1825,
      "best_bid": 0.01,
      "best_ask": 0.99,
      "spread": 0.98,
      "bid_depth": 47,
      "ask_depth": 52,
      "imbalance": -0.050505050505050504,
      "is_mean_reversion": false,
      "is_momentum": false
    },
    {
      "trade_ts": 1767642427,
      "trade_time": "2026-01-05T19:47:07+00:00",
      "slug": "eth-updown-15m-1767642300",
      "asset": "ETH",
      "outcome": "DOWN",
      "side": "BUY",
      "price": 0.5,
      "size": 94.0,
      "seconds_until_close": 773,
      "binance_btc": 94203.6,
      "binance_eth": 3218.4,
      "ob_ts": 1767642428825,
      "ob_latency_ms": 1825,
      "best_bid": 0.01,
      "best_ask": 0.99,
      "spread": 0.98,
      "bid_depth": 47,
      "ask_depth": 52,
      "imbalance": -0.050505050505050504,
      "is_mean_reversion": false,
      "is_momentum": false
    },
    {
      "trade_ts": 1767642425,
      "trade_time": "2026-01-05T19:47:05+00:00",
      "slug": "btc-updown-15m-1767642300",
      "asset": "BTC",
      "outcome": "UP",
      "side": "BUY",
      "price": 0.42,
      "size": 5.0,
      "seconds_until_close": 775,
      "binance_btc": 94203.6,
      "binance_eth": 3218.4,
      "ob_ts": 1767642427756,
      "ob_latency_ms": 2756,
      "best_bid": 0.01,
      "best_ask": 0.99,
      "spread": 0.98,
      "bid_depth": 40,
      "ask_depth": 59,
      "imbalance": -0.1919191919191919,
      "is_mean_reversion": true,
      "is_momentum": false
    },
    {
      "trade_ts": 1767642421,
      "trade_time": "2026-01-05T19:47:01+00:00",
      "slug": "eth-updown-15m-1767642300",
      "asset": "ETH",
      "outcome": "UP",
      "side": "BUY",
      "price": 0.46,
      "size": 6.25,
      "seconds_until_close": 779,
      "binance_btc": 94203.6,
      "binance_eth": 3218.4,
      "ob_ts": 1767642425134,
      "ob_latency_ms": 4134,
      "best_bid": 0.01,
      "best_ask": 0.99,
      "spread": 0.98,
      "bid_depth": 50,
      "ask_depth": 48,
      "imbalance": 0.02040816326530612,
      "is_mean_reversion": false,
      "is_momentum": false
    },
    {
      "trade_ts": 1767642417,
      "trade_time": "2026-01-05T19:46:57+00:00",
      "slug": "btc-updown-15m-1767642300",
      "asset": "BTC",
      "outcome": "DOWN",
      "side": "BUY",
      "price": 0.61,
      "size": 163.77,
      "seconds_until_close": 783,
      "binance_btc": 94230.05,
      "binance_eth": 3219.26,
      "ob_ts": 1767642417085,
      "ob_latency_ms": 85,
      "best_bid": 0.01,
      "best_ask": 0.99,
      "spread": 0.98,
      "bid_depth": 39,
      "ask_depth": 59,
      "imbalance": -0.20408163265306123,
      "is_mean_reversion": false,
      "is_momentum": true
    },
    {
      "trade_ts": 1767642415,
      "trade_time": "2026-01-05T19:46:55+00:00",
      "slug": "btc-updown-15m-1767642300",
      "asset": "BTC",
      "outcome": "DOWN",
      "side": "BUY",
      "price": 0.61,
      "size": 50.0,
      "seconds_until_close": 785,
      "binance_btc": 94230.05,
      "binance_eth": 3219.26,
      "ob_ts": 1767642417085,
      "ob_latency_ms": 2085,
      "best_bid": 0.01,
      "best_ask": 0.99,
      "spread": 0.98,
      "bid_depth": 39,
      "ask_depth": 59,
      "imbalance": -0.20408163265306123,
      "is_mean_reversion": false,
      "is_momentum": true
    },
    {
      "trade_ts": 1767642413,
      "trade_time": "2026-01-05T19:46:53+00:00",
      "slug": "btc-updown-15m-1767642300",
      "asset": "BTC",
      "outcome": "DOWN",
      "side": "BUY",
      "price": 0.57,
      "size": 202.0,
      "seconds_until_close": 787,
      "binance_btc": 94230.05,
      "binance_eth": 3219.26,
      "ob_ts": 1767642414598,
      "ob_latency_ms": 1598,
      "best_bid": 0.01,
      "best_ask": 0.99,
      "spread": 0.98,
      "bid_depth": 39,
      "ask_depth": 60,
      "imbalance": -0.21212121212121213,
      "is_mean_reversion": false,
      "is_momentum": true
    },
    {
      "trade_ts": 1767642413,
      "trade_time": "2026-01-05T19:46:53+00:00",
      "slug": "btc-updown-15m-1767642300",
      "asset": "BTC",
      "outcome": "DOWN",
      "side": "BUY",
      "price": 0.57,
      "size": 202.0,
      "seconds_until_close": 787,
      "binance_btc": 94230.05,
      "binance_eth": 3219.26,
      "ob_ts": 1767642414598,
      "ob_latency_ms": 1598,
      "best_bid": 0.01,
      "best_ask": 0.99,
      "spread": 0.98,
      "bid_depth": 39,
      "ask_depth": 60,
      "imbalance": -0.21212121212121213,
      "is_mean_reversion": false,
      "is_momentum": true
    },
    {
      "trade_ts": 1767642413,
      "trade_time": "2026-01-05T19:46:53+00:00",
      "slug": "btc-updown-15m-1767642300",
      "asset": "BTC",
      "outcome": "DOWN",
      "side": "BUY",
      "price": 0.5773821782178218,
      "size": 101.0,
      "seconds_until_close": 787,
      "binance_btc": 94230.05,
      "binance_eth": 3219.26,
      "ob_ts": 1767642414598,
      "ob_latency_ms": 1598,
      "best_bid": 0.01,
      "best_ask": 0.99,
      "spread": 0.98,
      "bid_depth": 39,
      "ask_depth": 60,
      "imbalance": -0.21212121212121213,
      "is_mean_reversion": false,
      "is_momentum": true
    },
    {
      "trade_ts": 1767642413,
      "trade_time": "2026-01-05T19:46:53+00:00",
      "slug": "btc-updown-15m-1767642300",
      "asset": "BTC",
      "outcome": "DOWN",
      "side": "BUY",
      "price": 0.57,
      "size": 101.0,
      "seconds_until_close": 787,
      "binance_btc": 94230.05,
      "binance_eth": 3219.26,
      "ob_ts": 1767642414598,
      "ob_latency_ms": 1598,
      "best_bid": 0.01,
      "best_ask": 0.99,
      "spread": 0.98,
      "bid_depth": 39,
      "ask_depth": 60,
      "imbalance": -0.21212121212121213,
      "is_mean_reversion": false,
      "is_momentum": true
    },
    {
      "trade_ts": 1767642411,
      "trade_time": "2026-01-05T19:46:51+00:00",
      "slug": "btc-updown-15m-1767642300",
      "asset": "BTC",
      "outcome": "DOWN",
      "side": "BUY",
      "price": 0.56,
      "size": 202.0,
      "seconds_until_close": 789,
      "binance_btc": 94230.05,
      "binance_eth": 3219.26,
      "ob_ts": 1767642411780,
      "ob_latency_ms": 780,
      "best_bid": 0.01,
      "best_ask": 0.99,
      "spread": 0.98,
      "bid_depth": 40,
      "ask_depth": 59,
      "imbalance": -0.1919191919191919,
      "is_mean_reversion": false,
      "is_momentum": true
    },
    {
      "trade_ts": 1767642407,
      "trade_time": "2026-01-05T19:46:47+00:00",
      "slug": "eth-updown-15m-1767642300",
      "asset": "ETH",
      "outcome": "UP",
      "side": "BUY",
      "price": 0.47,
      "size": 10.0,
      "seconds_until_close": 793,
      "binance_btc": 94230.05,
      "binance_eth": 3219.26,
      "ob_ts": 1767642408879,
      "ob_latency_ms": 1879,
      "best_bid": 0.01,
      "best_ask": 0.99,
      "spread": 0.98,
      "bid_depth": 45,
      "ask_depth": 54,
      "imbalance": -0.09090909090909091,
      "is_mean_reversion": false,
      "is_momentum": false
    },
    {
      "trade_ts": 1767642407,
      "trade_time": "2026-01-05T19:46:47+00:00",
      "slug": "btc-updown-15m-1767642300",
      "asset": "BTC",
      "outcome": "UP",
      "side": "BUY",
      "price": 0.45,
      "size": 32.74,
      "seconds_until_close": 793,
      "binance_btc": 94230.05,
      "binance_eth": 3219.26,
      "ob_ts": 1767642411780,
      "ob_latency_ms": 4780,
      "best_bid": 0.01,
      "best_ask": 0.99,
      "spread": 0.98,
      "bid_depth": 40,
      "ask_depth": 59,
      "imbalance": -0.1919191919191919,
      "is_mean_reversion": true,
      "is_momentum": false
    },
    {
      "trade_ts": 1767642407,
      "trade_time": "2026-01-05T19:46:47+00:00",
      "slug": "btc-updown-15m-1767642300",
      "asset": "BTC",
      "outcome": "UP",
      "side": "BUY",
      "price": 0.47,
      "size": 10.0,
      "seconds_until_close": 793,
      "binance_btc": 94230.05,
      "binance_eth": 3219.26,
      "ob_ts": 1767642411780,
      "ob_latency_ms": 4780,
      "best_bid": 0.01,
      "best_ask": 0.99,
      "spread": 0.98,
      "bid_depth": 40,
      "ask_depth": 59,
      "imbalance": -0.1919191919191919,
      "is_mean_reversion": true,
      "is_momentum": false
    },
    {
      "trade_ts": 1767642407,
      "trade_time": "2026-01-05T19:46:47+00:00",
      "slug": "btc-updown-15m-1767642300",
      "asset": "BTC",
      "outcome": "UP",
      "side": "BUY",
      "price": 0.46,
      "size": 15.0,
      "seconds_until_close": 793,
      "binance_btc": 94230.05,
      "binance_eth": 3219.26,
      "ob_ts": 1767642411780,
      "ob_latency_ms": 4780,
      "best_bid": 0.01,
      "best_ask": 0.99,
      "spread": 0.98,
      "bid_depth": 40,
      "ask_depth": 59,
      "imbalance": -0.1919191919191919,
      "is_mean_reversion": true,
      "is_momentum": false
    },
    {
      "trade_ts": 1767642401,
      "trade_time": "2026-01-05T19:46:41+00:00",
      "slug": "btc-updown-15m-1767642300",
      "asset": "BTC",
      "outcome": "UP",
      "side": "BUY",
      "price": 0.41,
      "size": 44.25,
      "seconds_until_close": 799,
      "binance_btc": 94230.05,
      "binance_eth": 3219.26,
      "ob_ts": 1767642405003,
      "ob_latency_ms": 4003,
      "best_bid": 0.01,
      "best_ask": 0.99,
      "spread": 0.98,
      "bid_depth": 45,
      "ask_depth": 54,
      "imbalance": -0.09090909090909091,
      "is_mean_reversion": false,
      "is_momentum": false
    },
    {
      "trade_ts": 1767642401,
      "trade_time": "2026-01-05T19:46:41+00:00",
      "slug": "btc-updown-15m-1767642300",
      "asset": "BTC",
      "outcome": "UP",
      "side": "BUY",
      "price": 0.43834954987723923,
      "size": 109.97,
      "seconds_until_close": 799,
      "binance_btc": 94230.05,
      "binance_eth": 3219.26,
      "ob_ts": 1767642405003,
      "ob_latency_ms": 4003,
      "best_bid": 0.01,
      "best_ask": 0.99,
      "spread": 0.98,
      "bid_depth": 45,
      "ask_depth": 54,
      "imbalance": -0.09090909090909091,
      "is_mean_reversion": false,
      "is_momentum": false
    },
    {
      "trade_ts": 1767642401,
      "trade_time": "2026-01-05T19:46:41+00:00",
      "slug": "btc-updown-15m-1767642300",
      "asset": "BTC",
      "outcome": "UP",
      "side": "BUY",
      "price": 0.4,
      "size": 86.0,
      "seconds_until_close": 799,
      "binance_btc": 94230.05,
      "binance_eth": 3219.26,
      "ob_ts": 1767642405003,
      "ob_latency_ms": 4003,
      "best_bid": 0.01,
      "best_ask": 0.99,
      "spread": 0.98,
      "bid_depth": 45,
      "ask_depth": 54,
      "imbalance": -0.09090909090909091,
      "is_mean_reversion": false,
      "is_momentum": false
    },
    {
      "trade_ts": 1767642401,
      "trade_time": "2026-01-05T19:46:41+00:00",
      "slug": "btc-updown-15m-1767642300",
      "asset": "BTC",
      "outcome": "UP",
      "side": "BUY",
      "price": 0.38,
      "size": 108.0,
      "seconds_until_close": 799,
      "binance_btc": 94230.05,
      "binance_eth": 3219.26,
      "ob_ts": 1767642405003,
      "ob_latency_ms": 4003,
      "best_bid": 0.01,
      "best_ask": 0.99,
      "spread": 0.98,
      "bid_depth": 45,
      "ask_depth": 54,
      "imbalance": -0.09090909090909091,
      "is_mean_reversion": false,
      "is_momentum": false
    },
    {
      "trade_ts": 1767642401,
      "trade_time": "2026-01-05T19:46:41+00:00",
      "slug": "btc-updown-15m-1767642300",
      "asset": "BTC",
      "outcome": "UP",
      "side": "BUY",
      "price": 0.42,
      "size": 202.0,
      "seconds_until_close": 799,
      "binance_btc": 94230.05,
      "binance_eth": 3219.26,
      "ob_ts": 1767642405003,
      "ob_latency_ms": 4003,
      "best_bid": 0.01,
      "best_ask": 0.99,
      "spread": 0.98,
      "bid_depth": 45,
      "ask_depth": 54,
      "imbalance": -0.09090909090909091,
      "is_mean_reversion": false,
      "is_momentum": false
    }
  ],
  "summary": {
    "total_trades": 14753,
    "correlated": 279,
    "markets_with_overlap": 20
  }
}